@misc{hallstrom,
  author = {Hallström, Erik},
  title = {How to build a Recurrent Neural Network in TensorFlow},
  url = {https://medium.com/@erikhallstrm/hello-world-rnn-83cd7105b767},
  year = {2017}
}

@misc{pamecha,
  author = {Pamecha, Monik},
  title = {A noob’s guide to implementing RNN-LSTM using Tensorflow},
  url = {http://monik.in/a-noobs-guide-to-implementing-rnn-lstm-using-tensorflow/},
  year = {2016}
}

@online{brownlee,
  author = {Brownlee, Jason},
  title = {Gentle Introduction to the Adam Optimization Algorithm for Deep Learning},
  howpublished = {https://machinelearningmastery.com/adam-optimization-algorithm-for-deep-learning/},
  year = {2017},
  note = {Consulted 05.01.2018.}
}

@online{brownlee2,
  author = {Brownlee, Jason},
  title = {Linear Regression for Machine Learning},
  howpublished = {https://machinelearningmastery.com/linear-regression-for-machine-learning/},
  year = {2016},
  note = {Consulted 05.01.2018.}
}

@online{brownlee3,
  author = {Brownlee, Jason},
  title = {Logistic Regression for Machine Learning },
  url = {https://machinelearningmastery.com/logistic-regression-for-machine-learning/},
  year = {2016}
}

@online{brownlee4,
  author = {Brownlee, Jason},
  title = {Gentle Introduction to Models for Sequence Prediction with Recurrent Neural Networks},
  url = {https://machinelearningmastery.com/models-sequence-prediction-recurrent-neural-networks/},
  year = {2017}
}

@online{brownlee5,
  author = {Brownlee, Jason},
  title = {Mini-Course on Long Short-Term Memory Recurrent Neural Networks with Keras},
  url = {https://machinelearningmastery.com/long-short-term-memory-recurrent-neural-networks-mini-course/},
  year = {2017}
}

@online{varangaonkar,
  author = {Varangaonkar, Amey},
  title = {Top 10 Deep Learning Frameworks},
  howpublished = {https://datahub.packtpub.com/deep-learning/top-10-deep-learning-frameworks/},
  year = {2017},
  note = {Consulted 05.01.2018.}
}

@online{woodford,
  author = {Woodford, Chris},
  title = {Neural networks},
  howpublished = {http://www.explainthatstuff.com/introduction-to-neural-networks.html},
  year = {2017},
  note = {Consulted 05.01.2018.}
}

@online{tensorflow,
  author = {Tensorflow},
  title = {An open-source software library for Machine Intelligence},
  howpublished = {https://www.tensorflow.org/},
  note = {Consulted 05.01.2018.}
}

@online{cesium,
  author = {Cesium},
  title = {Machine Learning Time-Series Platform},
  howpublished = {http://cesium-ml.org/docs/index.html},
  note = {Consulted 05.01.2018.}
}

@online{scipy,
  author = {Scipy},
  title = {scipy.stats.pearsonr},
  howpublished = {https://docs.scipy.org/doc/scipy/reference/generated/scipy.stats.pearsonr.html},
  note = {Consulted 05.01.2018.}
}

@online{scipy2,
  author = {Scipy},
  title = {Numpy.unique},
  howpublished = {https://docs.scipy.org/doc/numpy-1.13.0/reference/generated/numpy.unique.html},
  note = {Consulted 05.01.2018.}
}

@online{matplotlib,
  author = {MATPLOTLIB},
  title = {MATPLOTLIB},
  howpublished = {https://matplotlib.org/},
  note = {Consulted 05.01.2018.}
}

@online{wikipedia,
  author = {Wikipedia},
  title = {WIKIPEDIA The Free Encyclopedia},
  howpublished = {https://en.wikipedia.org/wiki/Linear\_regression},
  note = {Consulted 05.01.2018.}
}

@online{wikipedia2,
  author = {Wikipedia},
  title = {WIKIPEDIA The Free Encyclopedia},
  howpublished = {https://en.wikipedia.org/wiki/Artificial\_neural\_network},
  note = {Consulted 05.01.2018.}
}

@online{angela,
  author = {Swafford, Angela L.},
  title = {Logistic Population Growth: Equation, Definition \& Graph},
  howpublished = {https://study.com/academy/lesson/logistic-population-growth-equation-definition-graph.html},
  note = {Consulted 05.01.2018.}
}

@misc{raschka,
  author = {Raschka, Sebastian},
  title = {What is the Role of the Activation Function in a Neural Network?},
  howpublished = {https://www.kdnuggets.com/2016/08/role-activation-function-neural-network.html},
  year = {2016},
  note = {Consulted 05.01.2018.}
}

@misc{kulkarni,
  author = {Kulkarni, Vaibhav and Garbinato, Benoît},
  title = {Generating Synthetic Mobility Traffic Using RNNs},
  year = {2017},
  pages = {4},
  organization={University of Lausanne}
}

@misc{technitis,
  author = {Technitis, Georgios and Weibel, Robert},
  title = {An algorithm for random trajectory generation between two endpoints, honoring time and speed constraints},
  year = {2014},
  pages = {6},
  organization={University of Zurich}
}
%%%%%%%

@misc{nielsen2015neural,
  title={Neural networks and deep learning},
  author={Nielsen, Michael A},
  year={2015},
  publisher={Determination Press USA}
}

@article{olah2015understanding,
  title={Understanding lstm networks},
  author={Olah, Christopher},
  journal={GITHUB blog, posted on August},
  volume={27},
  pages={2015},
  year={2015}
}

@article{karpathy2016unreasonable,
  title={The unreasonable effectiveness of recurrent neural networks, 2015},
  author={Karpathy, A},
  journal={Dispon{\i}vel em http://karpathy. github. io/2015/05/21/rnn-effectiveness},
  year={2016}
}

%
@book{friedman2001elements,
  title={The elements of statistical learning},
  author={Friedman, Jerome and Hastie, Trevor and Tibshirani, Robert},
  volume={1},
  year={2001},
  publisher={Springer series in statistics New York}
}

%
@article{lipton2015critical,
  title={A critical review of recurrent neural networks for sequence learning},
  author={Lipton, Zachary C and Berkowitz, John and Elkan, Charles},
  journal={arXiv preprint arXiv:1506.00019},
  year={2015}
}

%
@article{hinton2012improving,
  title={Improving neural networks by preventing co-adaptation of feature detectors},
  author={Hinton, Geoffrey E and Srivastava, Nitish and Krizhevsky, Alex and Sutskever, Ilya and Salakhutdinov, Ruslan R},
  journal={arXiv preprint arXiv:1207.0580},
  year={2012}
}

%
@inproceedings{chapuis2016capturing,
  title={Capturing complex behaviour for predicting distant future trajectories},
  author={Chapuis, Bertil and Moro, Arielle and Kulkarni, Vaibhav and Garbinato, Beno{\^\i}t},
  booktitle={Proceedings of the 5th ACM SIGSPATIAL International Workshop on Mobile Geographic Information Systems},
  pages={64--73},
  year={2016},
  organization={ACM}
}

%
@inproceedings{gomes2013will,
  title={Where will you go? mobile data mining for next place prediction},
  author={Gomes, Jo{\~a}o B{\'a}rtolo and Phua, Clifton and Krishnaswamy, Shonali},
  booktitle={International Conference on Data Warehousing and Knowledge Discovery},
  pages={146--158},
  year={2013},
  organization={Springer}
}

@article{jiang2009characterizing,
  title={Characterizing the human mobility pattern in a large street network},
  author={Jiang, Bin and Yin, Junjun and Zhao, Sijian},
  journal={Physical Review E},
  volume={80},
  number={2},
  pages={021136},
  year={2009},
  publisher={APS}
}

@article{buranajun2007prediction,
  title={Prediction of Product Design and Development Success Using Artificial Neural Network},
  author={Buranajun, Prathana and Sasananan, Montalee and Sasananan, Setta},
  year={2007}
}

@article{humphries2010environmental,
  title={Environmental context explains L{\'e}vy and Brownian movement patterns of marine predators},
  author={Humphries, Nicolas E and Queiroz, Nuno and Dyer, Jennifer RM and Pade, Nicolas G and Musyl, Michael K and Schaefer, Kurt M and Fuller, Daniel W and Brunnschweiler, Juerg M and Doyle, Thomas K and Houghton, Jonathan DR and others},
  journal={Nature},
  volume={465},
  number={7301},
  pages={1066--1069},
  year={2010},
  publisher={Nature Research}
}

@inproceedings{ghosh2017modeling,
  title={Modeling of Human Movement Behavioral Knowledge from GPS Traces for Categorizing Mobile Users},
  author={Ghosh, Shreya and Ghosh, Soumya K},
  booktitle={Proceedings of the 26th International Conference on World Wide Web Companion},
  pages={51--58},
  year={2017},
  organization={International World Wide Web Conferences Steering Committee}
}

@inproceedings{kim2006extracting,
  title={Extracting a mobility model from real user traces},
  author={Kim, Minkyong and Kotz, David and Kim, Songkuk},
  booktitle={INFOCOM 2006. 25th IEEE International Conference on Computer Communications. Proceedings},
  pages={1--13},
  year={2006},
  organization={IEEE}
}

@inproceedings{biomo2014enhanced,
  title={An enhanced Gauss-Markov mobility model for simulations of unmanned aerial ad hoc networks},
  author={Biomo, Jean-Daniel Medjo Me and Kunz, Thomas and St-Hilaire, Marc},
  booktitle={Wireless and Mobile Networking Conference (WMNC), 2014 7th IFIP},
  pages={1--8},
  year={2014},
  organization={IEEE}
}

@article{andrzejak2001indications,
  title={Indications of nonlinear deterministic and finite-dimensional structures in time series of brain electrical activity: Dependence on recording region and brain state},
  author={Andrzejak, Ralph G and Lehnertz, Klaus and Mormann, Florian and Rieke, Christoph and David, Peter and Elger, Christian E},
  journal={Physical Review E},
  volume={64},
  number={6},
  pages={061907},
  year={2001},
  publisher={APS}
}